@article{None20182017,
  title={2017～2018年中国在线餐饮外卖市场研究报告},
  author={iiMedia Research},
  journal={计算机应用文摘},
  number={9},
  pages={2},
  year={2018},
}
